<?xml version="1.0" encoding="UTF-8"?><collection xmlns="http://www.loc.gov/MARC21/slim"><record><leader>00351nam--2200145-i-4500</leader><controlfield tag="001">000009735</controlfield><controlfield tag="002">20161230</controlfield><controlfield tag="005">20161230201028</controlfield><controlfield tag="008">060222s1000------------r-----000-0-eng-d</controlfield><datafield ind1=" " ind2=" " tag="020"><subfield code="a">U.A.R.A.E.E./REP</subfield></datafield><datafield ind1=" " ind2=" " tag="100"><subfield code="a">Abdelaziz, M. E</subfield></datafield><datafield ind1=" " ind2=" " tag="245"><subfield code="a">Moustafa, a</subfield></datafield><datafield ind1=" " ind2=" " tag="260"><subfield code="a">Badawy, I.I</subfield></datafield><datafield ind1=" " ind2=" " tag="490"><subfield code="a">Cairo, Atomic Energy Establishment, 1969 16 P</subfield></datafield><datafield ind1=" " ind2=" " tag="653"><subfield code="a">77</subfield></datafield></record></collection>